@BOOKLET{BoHi:03,
    Address = "",
	howpublished = "{Halle (Saale), Martin-Luther-Universität}",
    key = "{Boban Hinz}",
    editor = "Boban, Ines and Hinz, Andreas",
    title = "Index für Inklusion. Lernen und Teilhabe in Schulen der Vielfalt entwickeln",
    month = "",
    year = "2003",
    note = "Übersetzung und Adaption des englischen Originals",
url = "http://www.eenet.org.uk/resources/docs/Index%20German.pdf",
}

@Book{PoRi:90,
	Address = "Kinsman Building, York University, 4700 Keele St., North York, Ontario M3J 1P3, Canada",
Author = "Gordon L. Porter and Diane Richler and Marcia H. Rioux  and S. Dulcie McCallum and David Jory and Alene Steinbach and Marcia  Marcaccio and Darlene E. Perner and Margaret Murray and Jean Collicott and Julie Stone and Charlotte Campbell and Brian Kelly and Jeff den Otter and Melanie Panitch",
	Editor = "Porter, Gordon L. and Richler, Diane",
	key = "{Porter Richler}",
	Note = "",
	Publisher = "The Roeher Institute",
	Title = "Changing Canadian Schools: Perspectives on Disability and Inclusion",
	Year = "1990",
	URL = "http://eric.ed.gov/ERICWebPortal/contentdelivery/servlet/ERICServlet?accno=ED341224",
	ISBN = "-1-895070-00-7",	
}

@BOOKLET{UNCo:06,
    Address = "",
	howpublished = "",
    key = "UN",
    editor = "",
    title = "Convention on the Rights of Persons with Disabilities",
    month = "",
    year = "2006",
    url = "http://www.un.org/disabilities/documents/convention/convoptprot-e.pdf",
    note = "Convention on the Rights of Persons with Disabilities and Optional Protocol: UNITED NATIONS",
}

@BOOKLET{KMK:10a,
    Address = "",
howpublished = "",
    key = "KMK",
    editor = "KMK",
    title = "{Pädagogische und rechtliche Aspekte der Umsetzung des Übereinkommens der Vereinten Nationen vom 13. Dezember 2006 über die Rechte von Menschen mit Behinderungen (Behindertenrechtskonvention - VN-BRK) in der schulischen Bildung}",
    month = "",
    year = "2010",
    url = "www.kmk.org/fileadmin/veroeffentlichungen_beschluesse/2010/2010_11_18-Behindertenrechtkonvention.pdf",
    note = "",
}

@BOOKLET{BGBe:08,
    Address = "",
howpublished = "Bundesgesetzblatt Jahrgang 2008 Teil II Nr. 35",
    key = "BG zu VN-BRK",
    editor = "",
    title = "Gesetz zu dem Übereinkommen der Vereinten Nationen vom 13. Dezember 2006 über die Rechte von Menschen mit Behinderungen sowie zu dem Fakultativprotokoll vom 13. Dezember 2006 zum Übereinkommen der Vereinten Nationen über die Rechte von Menschen mit Behinderungen",
    month = "31.\,Dez.\,2008",
    year = "2008",
    url = "http://www.un.org/Depts/german/uebereinkommen/ar61106-dbgbl.pdf",
    note = "",
}


@BOOKLET{SaSt:94,
    Address = "",
howpublished = "Paris (UNESCO)",
    key = "Salamanca Declaration",
    editor = "",
    title = "The Salamanca Statement and Framework for Action on Special Needs Education",
    month = "",
    year = "1994",
    url = "http://www.unesco.de/fileadmin/medien/Dokumente/Bildung/Salamanca_Declaration.pdf",
    note = "",
}

@BOOKLET{Fes:10,
    Address = "",
Author = "Rolf Wernstadt and Marianne Hirschberg and Karin Evers-Meyer and Ingrid Körner 
and Ute Erdsiek-Rave and Camilla Dawletschin-Linder and Ulf Preuss-Lausitz and Andreas Hinz and
Cornelia von Ilsemann and Karin Babbe and Wilfried W. Steinert",
howpublished = "Friedrich-Ebert-Stiftung, Berlin",
    key = "Fes",
    editor = "Wernstadt, Rolf and John-Ohnesorg, Marei",
    title = "Inklusive Bildung die UN-Konvention und ihre Folgen",
    month = "",
    year = "2010",
    url = "http://library.fes.de/pdf-files/studienfoerderung/07621.pdf",
    note = "",
}

@MANUAL{MSW:01,
    Address = "",
    key = "MSW Statistik",
organization = {Ministerium für Schule und Weiterbildung des Landes Nordrhein-Westfalen},
    title = "Schuleckdaten Schuljahr 2001/02 -absolute Zahlen-",  
    year = "2002",
    edition = "",
    url = "http://www.schulministerium.nrw.de/BP/Schulsystem/Statistik/2001_02/jEckd01.pdf",
}


@MANUAL{MSW:02,
    Address = "",
    key = "MSW Statistik",
organization = {Ministerium für Schule und Weiterbildung des Landes Nordrhein-Westfalen},
    title = "Schuleckdaten im Schuljahr 2002/03 -absolute Zahlen-",  
    year = "2003",
    edition = "",
    url = "http://www.schulministerium.nrw.de/BP/Schulsystem/Statistik/2002_03/jEckd02.pdf",
}



@MANUAL{MSW:03,
    Address = "",
    key = "MSW Statistik",
organization = {Ministerium für Schule und Weiterbildung des Landes Nordrhein-Westfalen},
    title = "Schuleckdaten öffentlicher und privater Schulen im Schuljahr 2003/04 -absolute Zahlen-",  
    year = "2004",
    edition = "",
    url = "http://www.schulministerium.nrw.de/BP/Schulsystem/Statistik/2003_04/jEckd03.pdf",
}

@MANUAL{MSW:04,
    Address = {Völklinger Straße 49, 40221 Düsseldorf},
    key = "MSW Statistik",
organization = {Ministerium für Schule und Weiterbildung des Landes Nordrhein-Westfalen},
    title = "Das Schulwesen in NRW aus quantitativer Sicht Schuljahr 2004/05",  
    year = "2005",
    edition = "",
    url = "http://www.schulministerium.nrw.de/BP/Schulsystem/Statistik/2004_05/Quantita2004Nr347.pdf",
}


@MANUAL{MSW:05,
    Address = {Völklinger Straße 49, 40221 Düsseldorf},
    key = "MSW Statistik",
organization = {Ministerium für Schule und Weiterbildung des Landes Nordrhein-Westfalen},
    title = "Das Schulwesen in NRW aus quantitativer Sicht Schuljahr 2005/06",  
    year = "2006",
    edition = "",
    url = "http://www.schulministerium.nrw.de/BP/Schulsystem/Statistik/2005_06/Quantita_05_06.pdf",
}

@MANUAL{MSW:06,
    Address = {Völklinger Straße 49, 40221 Düsseldorf},
    key = "MSW Statistik",
organization = {Ministerium für Schule und Weiterbildung des Landes Nordrhein-Westfalen},
    title = "Das Schulwesen in NRW aus quantitativer Sicht Schuljahr 2006/07",  
    year = "2007",
    edition = "4.Aufl.",
    url = "http://www.schulministerium.nrw.de/BP/Schulsystem/Statistik/2006_07/Quantita2006Nr359.pdf",
}

@MANUAL{MSW:07,
    Address = {Völklinger Straße 49, 40221 Düsseldorf},
    key = "MSW Statistik",
organization = {Ministerium für Schule und Weiterbildung des Landes Nordrhein-Westfalen},
    title = "Das Schulwesen in Nordrhein-Westfalen aus quantitativer Sicht 2007/08",  
    year = "2008",
    edition = "2.Aufl.",
    url = "http://www.schulministerium.nrw.de/BP/Schulsystem/Statistik/2007_08/Quantita2007_08.pdf",
}

@MANUAL{MSW:08,
    Address = {Völklinger Straße 49, 40221 Düsseldorf},
    key = "MSW Statistik",
organization = {Ministerium für Schule und Weiterbildung des Landes Nordrhein-Westfalen},
    title = "Das Schulwesen in Nordrhein-Westfalen aus quantitativer Sicht 2008/09",  
    year = "2009",
    edition = "",
    url = "http://www.schulministerium.nrw.de/BP/Schulsystem/Statistik/2008_09/StatUebers.pdf",
}

@MANUAL{MSW:09,
    Address = {Völklinger Straße 49, 40221 Düsseldorf},
    key = "MSW Statistik",
organization = {Ministerium für Schule und Weiterbildung des Landes Nordrhein-Westfalen},
    title = "Das Schulwesen in Nordrhein-Westfalen aus quantitativer Sicht 2009/10",  
    year = "2010",
    edition = "3. Aufl.",
    url = "http://www.schulministerium.nrw.de/BP/Schulsystem/Statistik/2009_10/StatUebers.pdf",
}

@MANUAL{MSW:10,
    Address = {Völklinger Straße 49, 40221 Düsseldorf},
    key = "MSW Statistik",
organization = {Ministerium für Schule und Weiterbildung des Landes Nordrhein-Westfalen},
    title = "Das Schulwesen in Nordrhein-Westfalen aus quantitativer Sicht 2010/11",  
    year = "2011",
    edition = "2. Aufl.",
    url = "http://www.schulministerium.nrw.de/BP/Schulsystem/Statistik/2010_11/StatUebers373.pdf",
}

@MANUAL{AOSF:05,
    Address = "",
    key = "AO-SF",
organization = {Ministerium für Schule und Weiterbildung des Landes Nordrhein-Westfalen},
    title = {Verordnung über die sonderpädagogische Förderung, den Hausunterricht und die Schule für Kranke (Ausbildungsordnung gemäß § 52 SchulG – AO-SF) Vom 29. April 2005 zuletzt geändert durch Gesetz vom 5. November 2008}, 
    year = "2005",
    edition = "",
    url = "http://www.schulministerium.nrw.de/BP/Schulrecht/APOen/AO_SF.pdf",
}

@MANUAL{KMK:10b,
    Address = "",
    key = "KMK",
organization = {Sekretariat der Ständigen Konferenz der Kultusminister der Länder in der Bundesrepublik Deutschland},
    title = {Sonderpädagogische Förderung in Schulen 1999 bis 2008}, 
    year = "2010",
    edition = "",
    url = "http://www.kmk.org/fileadmin/pdf/Statistik/Dok_189_SoPaeFoe_2008.pdf",
}

@MANUAL{UNESCO:05,
    Address = "Paris",
    key = "UNESCO",
organization = "{United Nations Educational, Scientific and Cultural Organization}",
    title = "{Guidelines for Inclusion: Ensuring Access to Education for All}",  
    year = "2005",
    edition = "",
    url = "http://unesdoc.unesco.org/images/0014/001402/140224e.pdf",
}

@MANUAL{UN:11,
    author = "Vernor Muñoz",
    Address = "New York",
    key = "UN",
organization = "{}",
    title = "{UMSETZUNG DER RESOLUTION 60/251 DER GENERALVERSAMMLUNG VOM 15. MÄRZ 2006 MIT DEM TITEL „MENSCHENRECHTSRAT“
Das Recht von Menschen mit Behinderungen auf Bildung Bericht des Sonderberichterstatters über das Recht auf Bildung}",  
    year = "2011",
    edition = "",
    url = "http://un.org/Depts/german/menschenrechte/a-hrc-4-29.pdf",
}



